@article{Alves2024,
  author = {Alves, S. V. and Farias, I. C. and Ribeiro, F. N. L. and Vieira, C. A. L.},
  title = {Uma revisão narrativa do apoio matricial em saúde mental entre as equipes CAPS-ESF no cenário brasileiro},
  journal = {Physis: Revista de Saúde Coletiva},
  year = {2024},
  volume = {34},
  pages = {e34008},
  doi = {10.1590/S0103-7331202434008pt},
}

@book{Amarante2007,
  author = {Amarante, P.},
  title = {Saúde mental e atenção psicossocial},
  publisher = {FIOCRUZ},
  address = {Rio de Janeiro},
  year = {2007},
}

@techreport{Brasil2012,
  author = {{Conselho Nacional de Saúde}},
  title = {Resolução nº 466 de 12 de dezembro de 2012},
  institution = {Brasil},
  year = {2012},
  url = {https://www.gov.br/conselho-nacional-de-saude/pt-br/acesso-a-informacao/legislacao/resolucoes/2012/resolucao-no-466.pdf},
}

@techreport{Brasil2016,
  author = {{Conselho Nacional de Saúde}},
  title = {Resolução nº 510 de 7 de abril de 2016},
  institution = {Brasil},
  year = {2016},
  url = {https://www.gov.br/conselho-nacional-de-saude/pt-br/acesso-a-informacao/legislacao/resolucoes/2016/resolucao-no-510.pdf/view},
}

@misc{Brasil2001,
  author = {Brasil},
  title = {Lei nº 10.216, de 6 de abril de 2001},
  howpublished = {\url{https://www.planalto.gov.br/ccivil_03/leis/leis_2001/l10216.htm}},
  year = {2001},
}

@misc{Brasil2018,
  author = {Brasil},
  title = {Lei nº 13.595, de 5 de janeiro de 2018},
  howpublished = {\url{https://www.planalto.gov.br/ccivil_03/_ato2015-2018/2018/lei/l13595.htm}},
  year = {2018},
}

@techreport{Brasil2017,
  author = {Brasil},
  title = {Portaria nº 2.436, de 21 de setembro de 2017},
  institution = {Ministério da Saúde},
  year = {2017},
  url = {https://www.in.gov.br/materia/-/asset_publisher/Kujrw0TZC2Mb/content/id/19308123/do1-2017-09-22-portaria-n-2-436-de-21-de-setembro-de-2017-19308031},
}

@incollection{Broide2020,
  author = {Broide, J.},
  title = {Efeitos transferenciais no trabalho em situações sociais críticas: a construção de dispositivos clínicos para o cuidado ao cuidador},
  booktitle = {Psicanálise \& trabalho: Retratos do contemporâneo},
  editor = {Coelho, R. and da Motta, D. A.},
  pages = {159--171},
  publisher = {Tribunal Regional do Trabalho da 4ª Região},
  year = {2020},
}

@article{Cardoso2020,
  author = {Cardoso, L. C. B. and de Arruda, G. O. and Giacon-Arruda, B. C. C. and Paiano, M. and de Pinho, L. B. and Marcon, S. S.},
  title = {Trabalho em saúde: Retrato dos agentes comunitários de saúde da região Nordeste do Brasil},
  journal = {Texto \& Contexto - Enfermagem},
  year = {2020},
  volume = {29},
  pages = {e20190191},
  doi = {10.1590/1980-265X-TCE-2019-0191},
}

@article{Oliveira2022,
  author = {de Oliveira, I. V. and da Silva, E. A. P. and Pereira, P. B. A. and Bonfim, D. and Zilbovicius, C. and de Oliveira, R. N.},
  title = {Educação permanente em saúde sob a ótica de gestores e trabalhadores da atenção primária à saúde},
  journal = {International Journal of Education and Health},
  year = {2022},
  volume = {6},
  pages = {e4412},
  doi = {10.17267/2594-7907ijeh.2022.e4412},
}

@book{Dunker2015,
  author = {Dunker, C. I. L.},
  title = {Mal-estar, sofrimento e sintoma: Uma psicopatologia do Brasil entre muros},
  publisher = {Boitempo},
  year = {2015},
}

@article{Franco2007,
  author = {Franco, T. B.},
  title = {Produção do cuidado e produção pedagógica: Integração de cenários do sistema de saúde no Brasil},
  journal = {Interface - Comunicação, Saúde, Educação},
  year = {2007},
  volume = {11},
  number = {23},
  pages = {427--438},
  doi = {10.1590/S1414-32832007000300003},
}

@incollection{Lancetti2006,
  author = {Lancetti, A. and Amarante, P.},
  title = {Saúde Mental e Saúde Coletiva},
  booktitle = {Tratado de Saúde Coletiva},
  editor = {Campos, G. V. S. and others},
  pages = {615--633},
  publisher = {Editora HUCITEC/FIOCRUZ},
  year = {2006},
}

@article{Menezes2018,
  author = {Menezes, F. W. P. and da Silva, M. R. F. and Torres, R. A. M. and Miranda, T. P.},
  title = {Educação popular e educação permanente em saúde: Diálogos na formação de Agentes Comunitários de Saúde de um município do interior do Ceará},
  journal = {Saúde em Redes},
  year = {2018},
  volume = {4},
  number = {1},
  pages = {173--182},
  doi = {10.18310/2446-4813.2018v4n1p173-182},
}

@article{Silva2020,
  author = {Ruiz da Silva, L. A. and O. P. Junior and da Costa, P. R. and Renovato, R. D. and de M. Sales, C.},
  title = {O arco de Maguerez como metodologia ativa na formação continuada em saúde},
  journal = {Interfaces Científicas - Educação},
  year = {2020},
  volume = {8},
  number = {3},
  pages = {41--54},
  doi = {10.17564/2316-3828.2020v8n3p41-54},
}

@article{Simas2017,
  author = {Simas, P. R. P. and de M. Pinto, I. C.},
  title = {Trabalho em saúde: Retrato dos agentes comunitários de saúde da região Nordeste do Brasil},
  journal = {Ciência \& Saúde Coletiva},
  year = {2017},
  volume = {22},
  number = {6},
  pages = {1865--1876},
  doi = {10.1590/1413-81232017226.01532017},
}

@techreport{Tenorio1996,
  author = {Tenório, F.},
  title = {Um ano de grupo de recepção: uma mudança conceitual?},
  institution = {IPUB/UFRJ},
  address = {Rio de Janeiro, RJ},
  year = {1996},
}

@incollection{Villardi2015,
  author = {Villardi, M. L. and Cyrino, E. G. and Berbel, N. A. N.},
  title = {A metodologia da problematização no ensino em saúde: suas etapas e possibilidades},
  booktitle = {A problematização em educação em saúde: Percepções dos professores tutores e alunos},
  editor = {Villardi, M. L. and others},
  pages = {45--52},
  publisher = {UNESP, Cultura Acadêmica},
  year = {2015},
}
