@Article{Lei:5.564:1968,
  author       = {Brasil},
  title        = {Lei n° 5.564, de 21 de dezembro de 1968},
  nota         = {Provê sobre o exercício da profissão de orientador educacional},
  journal      = {Diário Oficial da República Federativa do Brasil},
  year         = {1968},
  date         = {1968-05-24},
  organization = {Brasil},
  issn         = {1677-7042},
  url          = {http://www.planalto.gov.br/ccivil_03/LEIS/1950-1969/L5564.htm},
  address      = {Brasília, DF},
  shorttitle   = {Lei nº 5.564/1968},
}


@ARTICLE{Pascoal2008-gx,
  title     = "{O} orientador educacional no Brasil",
  author    = "Pascoal, Miriam and Honorato, Eliane Costa and Albuquerque,
               Fabiana Aparecida de",
  abstract  = "Historicamente, a orienta{\c c}{\~a}o educacional tem sido uma
               das fun{\c c}{\~o}es exercidas pelo profissional da educa{\c
               c}{\~a}o denominado pedagogo. Nos diferentes estados brasileiros
               e nas diferentes redes escolares, este profissional, se
               existente, recebe denomina{\c c}{\~o}es variadas e exerce
               atividades tamb{\'e}m variadas. Tal diversidade descaracteriza a
               real dimens{\~a}o de seu fazer profissional e estabelece um
               conflito entre os diversos pap{\'e}is desempenhados pelos
               diferentes profissionais da educa{\c c}{\~a}o. Neste sentido,
               este artigo apresenta um mapeamento da exist{\^e}ncia desse
               profissional na rede p{\'u}blica estadual brasileira, al{\'e}m
               de uma discuss{\~a}o cr{\'\i}tica sobre a especificidade do
               trabalho do orientador educacional, apontando para a necessidade
               de sua presen{\c c}a em todas as escolas da rede escolar
               brasileira.",
  journal   = "Educação em Revista",
  publisher = "FapUNIFESP (SciELO)",
  number    =  47,
  pages     = "101--120",
  month     =  jun,
  year      =  2008,
  url       = {http://dx.doi.org/10.1590/S0102-46982008000100006}
}


@Article{Decreto:72.846:1973,
  author       = {Brasil},
  title        = {Decreto n° 72.846, de 26 de setembro de 1973},
  nota         = {Regulamenta a Lei nº 5.564, de 21 de dezembro de 1968, que provê sobre o exercício da profissão de orientador educacional},

  journal      = {Diário Oficial da República Federativa do Brasil},
  year         = {1973},
  date         = {1973-09-27},
  organization = {Brasil},
  issn         = {1677-7042},
  url          = {https://www.planalto.gov.br/ccivil_03/decreto/1970-1979/d72846.htm#:~:text=Regulamenta%20a%20Lei%20n%C2%BA%205.564,Art.},
  address      = {Brasília, DF},
  shorttitle   = {Decreto n° 72.846/1973},
}


@Article{Lei:1704:2017,
  author       = {Sobral},
  title        = {Lei n° 1704 de 19 de dezembro de 2017},
  nota         = {Dispõe sobre a criação da carreira de apoio a gestão escolar no âmbito do poder executivo municipal, e dá outras providências},
  journal      = {Diário Oficial do Município de Sobral},
  year         = {2017},
  organization = {Sobral},
  url          = {http://transparencia.sobral.ce.gov.br/arquivo/nome:8c45a94d90e082b05629ea6185e24b1a.pdf},
  address      = {Sobral, CE},
  shorttitle   = {Lei n° 1704/2017},
}


