@incollection{barros2020violencia,
  author = {Barros, João Paulo Pereira and Rodrigues, Jéssica Silva and Benício, Luís Fernando de Souza and Sousa, Ingrid Sampaio de},
  title = {Psicologia social e o estudo da violência contra segmentos infantojuvenis: Política de morte, precarização da vida e seus aspectos psicossociais},
  booktitle = {Políticas de vulnerabilização social e seus efeitos: Estudos do Programa de Pós-Graduação em Psicologia da UFC},
  editor = {Barros, J. P. P. and Antunes, D. C. and Mello, R. P.},
  pages = {125--152},
  year = {2020},
  publisher = {Edições UFC},
  address = {Fortaleza, CE},
}

@article{mbembe2016necropolitica,
  author = {Mbembe, Achille},
  title = {Necropolítica},
  journal = {Arte & Ensaios: Revista do PPGAV/EBA/UFRJ},
  number = {32},
  year = {2016},
  month = {dezembro},
  doi = {10.60001/ae.n32.p122-151},
  url = {https://doi.org/10.60001/ae.n32.p122-151},
}

@book{valencia2010capitalismogore,
  author = {Valencia, Sayak},
  title = {Capitalismo gore},
  year = {2010},
  publisher = {Melusina},
  address = {Barcelona},
}

@book{butler2015quadros,
  author = {Butler, Judith},
  title = {Quadros de guerra: Quando a vida é passível de luto?},
  year = {2015},
  publisher = {Civilização Brasileira},
  address = {Rio de Janeiro},
}

@article{junior2020nocao,
  author = {Kuhn Junior, Norberto Kesley and de Mello, Bárbara Birk},
  title = {A noção de infância e adolescência: Inflexões decoloniais sobre os direitos de crianças e adolescentes na América Latina},
  journal = {Revista Brasileira de História & Ciências Sociais},
  volume = {12},
  number = {24},
  pages = {284--312},
  year = {2020},
  doi = {https://doi.org/10.14295/rbhcs.v12i24.11899}
}

@article{kastrup2000devircrianca,
  author = {Kastrup, Virgínia},
  title = {O Devir-Criança e a cognição contemporânea},
  journal = {Psicologia: Reflexão e Crítica},
  volume = {13},
  number = {3},
  pages = {373--382},
  year = {2000},
  doi = {10.1590/S0102-79722000000300006},
  url = {https://doi.org/10.1590/S0102-79722000000300006},
}

@book{costa2007modos,
  editor = {Costa, Nelson Barros da and Colaço, Veriana de Fátima Rodrigues and Costa, Nelson Barros da},
  title = {Modos de brincar, lembrar, dizer: Discursividade e subjetivação},
  year = {2007},
  publisher = {Edições UFC},
  address = {Fortaleza, CE},
}

@book{castro2021infancias,
  editor = {Castro, Lúcia Rabello de},
  title = {Infâncias do Sul Global: Experiências, pesquisa e teoria desde a Argentina e o Brasil},
  year = {2021},
  publisher = {Edufba},
  address = {Salvador, BA},
}
