@book{almeida2018racismoestrutural,
  title={O que é racismo estrutural?},
  author={Almeida, S.},
  year={2018},
  publisher={Letramento},
  address={Belo Horizonte}
}

@article{heringer2002desigualdades,
  title={Desigualdades raciais no Brasil: Síntese de indicadores e desafios no campo das políticas públicas},
  author={Heringer, R.},
  journal={Cadernos de Saúde Pública},
  volume={1},
  number={18},
  pages={57-65},
  year={2002},
  doi={10.1590/S0102-311X2002000700007},
  url={https://doi.org/10.1590/S0102-311X2002000700007}
}

@article{igreja2016combate,
  title={Combate al racismo y la discriminación racial en Brasil: Legislación y acción institucional},
  author={Igreja, R. L.},
  journal={Desacatos},
  volume={1},
  number={51},
  pages={32-49},
  year={2016},
  url={https://www.scielo.org.mx/scielo.php?script=sci_arttext&pid=S1607-050X2016000200032&lng=es&nrm=iso&tlng=es}
}

@article{damasceno2018saude,
  title={Saúde Mental e Racismo Contra Negros: Produção Bibliográfica Brasileira dos Últimos Quinze Anos},
  author={Damasceno, M. G. and Zanello, V. M. L.},
  journal={Psicologia: Ciência e Profissão},
  volume={38},
  number={3},
  pages={450-464},
  year={2018},
  doi={10.1590/1982-37030003262017},
  url={https://doi.org/10.1590/1982-37030003262017}
}

@article{nogueira2006preconceito,
  title={Preconceito racial de marca e preconceito racial de origem: sugestão de um quadro de referência para a interpretação do material sobre relações raciais no Brasil},
  author={Nogueira, O.},
  journal={Tempo Social, revista de sociologia da USP},
  volume={19},
  number={1},
  pages={287-308},
  year={2006},
  doi={10.1590/S0103-20702007000100015},
  url={https://doi.org/10.1590/S0103-20702007000100015}
}

@book{nascimento2017genocidio,
  title={O genocídio do negro brasileiro},
  author={Nascimento, A.},
  year={2017},
  publisher={Perspectiva},
  address={São Paulo}
}

@article{cuevas2013mediators,
  title={Mediators of discrimination and self-rated health among African Americans},
  author={Cuevas, Adolfo G. and Reitzel, Lorraine R. and Cao, Yumei and Nguyen, Nga and Wetter, David W. and Adams, Claire E. and Watkins, Kellie L. and Regan, Seann D. and McNeill, Lorna H.},
  journal={American Journal of Health Behavior},
  volume={37},
  number={6},
  pages={745-754},
  year={2013},
  doi={10.5993/AJHB.37.6.3},
  url={https://doi.org/10.5993/AJHB.37.6.3}
}

@article{pieterse2012perceived,
  title={Perceived racism and mental health among Black American adults: a meta-analytic review},
  author={Pieterse, Alex L. and Todd, Nathan R. and Neville, Helen A. and Carter, Robert T.},
  journal={Journal of Counseling Psychology},
  volume={59},
  number={1},
  pages={1-9},
  year={2012},
  doi={10.1037/a0026208},
  url={https://doi.org/10.1037/a0026208}
}

@article{faro2011raca,
  title={Raça, racismo e saúde: a desigualdade social da distribuição do estresse},
  author={Faro, A. and Pereira, M. E.},
  journal={Estudos de Psicologia (Natal)},
  volume={16},
  number={3},
  pages={271-278},
  year={2011},
  doi={10.1590/S1413-294X2011000300009},
  url={https://doi.org/10.1590/S1413-294X2011000300009}
}

@article{jones2016future,
  title={Future Directions in Research on Racism-Related Stress and Racial-Ethnic Protective Factors for Black Youth},
  author={Jones, S. C. T. and Neblett, E. W.},
  journal={Journal of Clinical Child & Adolescent Psychology},
  volume={46},
  number={5},
  pages={754-766},
  year={2016},
  doi={10.1080/15374416.2016.1146991},
  url={https://doi.org/10.1080/15374416.2016.1146991}
}

@misc{tavares2018repercussoes,
  author = {Tavares, Jeane Saskya Campos},
  title = {As repercussões do racismo na saúde mental},
  howpublished = {Alma Preta},
  year = {2018},
  month = {Dezembro},
  day = {4},
  url = {https://almapreta.com.br/sessao/cotidiano/as-repercussoes-do-racismo-na-saude-mental/}
}

@article{bicalho2009formacao,
  title={Formação em psicologia, direitos humanos e compromisso social: a produção micropolítica de sentidos},
  author={Bicalho, P. P. G. and Cassal, L. C. and Magalhães, K. C. and Geraldini, J. R.},
  journal={Boletim Interfaces da Psicologia UFRRJ},
  volume={2},
  number={2},
  pages={20-35},
  year={2009},
  url={http://www.ufrrj.br/seminariopsi/2009/boletim2009-2/bicalho.pdf}
}

@article{bock2010direitoshumanos,
  title={Direitos humanos no ensino da psicologia},
  author={Bock, A. M. B. and Gianfaldoni, M. H. T. A.},
  journal={Psicologia, ensino e formação},
  volume={1},
  number={2},
  pages={335-350},
  year={2010},
  url={http://pepsic.bvsalud.org/scielo.php?script=sci_arttext&pid=S2177-20612010000200009}
}

@article{coimbra2001psicologia,
  title={Psicologia, direitos humanos e neoliberalismo},
  author={Coimbra, C.},
  journal={Revista Psicologia Política},
  volume={1},
  number={1},
  pages={139-148},
  year={2001},
  url={https://abpsicologiapolitica.files.wordpress.com/2019/06/revista-psicologia-politica-v1n1.pdf}
}

@book{scisleski2015juventude,
  title={Juventude, marginalidade social e direitos humanos: da psicologia às políticas públicas},
  editor={Scisleski, A. and Guareschi, N.},
  year={2015},
  publisher={ediPUCRS},
  address={Porto Alegre, RS}
}



