@mastersthesis{barreto2017estima,
  title={Estima de lugar e implicações com a saúde: A perspectiva dos usuários de um Centro de Saúde do Nordeste do Brasil},
  author={Barreto, E. H. F. L.},
  year={2017},
  school={Universidade Federal do Ceará},
  address={Fortaleza},
  type={Dissertação de metrado não publicada}
}

@book{bomfim2010cidade,
  title={Cidade e Afetividade: Estima e construção de mapas afetivos de Barcelona e São Paulo},
  author={Bomfim, Z. A. C.},
  year={2010},
  publisher={Edições UFC},
  address={Fortaleza}
}

@incollection{bomfim2014affective,
  title={Affective maps: Validating a dialogue between qualitative and quantitative methods},
  author={Bomfim, Z. A. C. and Ferreira, B. H. L. and Araújo, T. L. M. and Feitosa, L. M. A. and Martins, M. Z. S. and Alencar, A. K. S. and Farias, H. F. and Fernandes, N.},
  booktitle={Urban Sustainability: Innovative spaces, vulnerabilities and opportunities},
  editor={García-Mira, R. and Dumitru, A.},
  pages={131-148},
  year={2014},
  publisher={Deputación da Coruña & Instituto de Investigación Xoan Vicente Viqueira},
  address={A Coruña}
}

@incollection{bomfim2019afetividade,
  title={A afetividade no contexto universitário: A relação de apego entre professores, estudantes e servidores com o campus},
  author={Bomfim, Z. A. C. and Maia, C. M. and Lima, A. C. and Costa, A. C.},
  booktitle={Psicologia Ambiental em contextos urbanos},
  editor={Higuchi, M. I. G. and Kuhnen, A. and Pato, C.},
  pages={86-114},
  year={2019},
  publisher={Edições do Bosque},
  address={Florianópolis}
}

@mastersthesis{cabral2015relacao,
  title={Relação afetiva pessoa-ambiente na Prainha do Canto Verde: Processos de participação comunitária},
  author={Cabral, D. W. A.},
  year={2015},
  school={Universidade Federal do Ceará},
  address={Fortaleza},
  type = {Dissertação de metrado não publicada}
}

@phdthesis{feitosa2019liderancas,
  title={Lideranças Pitaguary de Monguba: Estratégias do bem viver e de compromisso ético-político},
  author={Feitosa, M. Z. S.},
  year={2019},
  school={Universidade Federal do Ceará},
  address={Fortaleza},
    type={Tese de doutorado não publicada}
}

@book{freire1980conscientizacao,
  title={Conscientização: Teoria e prática da libertação},
  author={Freire, P.},
  year={1980},
  publisher={Moraes},
  address={São Paulo}
}

@incollection{garciamira1997aportacion,
  title={Aportación de la psicología ambiental},
  author={García-Mira, R.},
  booktitle={La ciudad percebida: Una psicología ambiental de los barrios de A Coruña},
  pages={25-36},
  year={1997},
  publisher={Universidad da Coruña},
  address={A Coruña}
}

@book{gois2005psicologia,
  title={Psicologia Comunitária: Atividade e consciência},
  author={Góis, C. W. L.},
  year={2005},
  publisher={Publicações Instituto Paulo Freire de Estudos Psicossociais},
  address={Fortaleza}
}

@incollection{lane1989psicologia,
  title={A Psicologia Social e uma nova concepção do homem para a Psicologia},
  author={Lane, T. M. S.},
  booktitle={Psicologia Social: O homem em movimento},
  editor={Lane, T. M. S. and Codo, W.},
  pages={10-19},
  year={1989},
  publisher={Editora Brasiliense},
  address={São Paulo}
}

@book{lane1989psicologiasocial,
  title={Psicologia Social: O homem em movimento},
  editor={Lane, T. M. S. and Codo, W.},
  year={1989},
  publisher={Editora Brasiliense},
  address={São Paulo, SP}
}

@mastersthesis{lima2019estima,
  title={Estima de lugar e território: Construção de mapas afetivos de moradores do Timbó em Maracanaú-CE},
  author={Lima, A. C.},
  year={2019},
  school={Universidade Federal do Ceará},
  address={Fortaleza, CE, Brasil},
  type={Trabalho de conclusão de curso não publicado}
}

@article{lima2021psicologia,
  title={Psicologia Ambiental e Simbolismo do Espaço: Mapeamento afetivo da relação de trabalhadores da política de assistência social com seus lugares de trabalho},
  author={Lima, A. and Pacheco, F. and Bomfim, Z.},
  journal={Geosaberes},
  volume={12},
  pages={244-255},
  year={2021},
  doi={10.26895/geosaberes.v12i0.1115},
  url={https://doi.org/10.26895/geosaberes.v12i0.1115}
}

@incollection{martinbaro2011desafios,
  title={Desafios e perspectivas da Psicologia Latino-Americana},
  author={Martin-Baró, I.},
  booktitle={Psicologia Social para América Latina: O resgate da Psicologia da Libertação},
  editor={Guzzo, R. and Lacerda Junior, F.},
  pages={199-220},
  year={2011},
  publisher={Alínea},
  address={Campinas}
}

@book{martinbaro2017critica,
  title={Crítica e libertação na psicologia},
  author={Martín-Baró, I.},
  year={2017},
  publisher={Editora Vozes},
  address={Petrópolis}
}

@mastersthesis{martins2020afetividade,
  title={Afetividade em contextos de desapropriação: Impactos psicossociais das obras do cinturão das águas do Ceará em comunidades rurais do município do Crato-CE},
  author={Martins, C. M. S. S.},
  year={2020},
  school={Universidade Federal do Ceará},
  address={Fortaleza},
  type={Dissertação de mestrado não publicada}
}

@book{montero2007hacer,
  title={Hacer para transformar: El método en la psicología comunitaria},
  author={Montero, M.},
  year={2007},
  publisher={Paidós},
  address={Buenos Aires}
}

@article{morais2011nas,
  title={Nas Trilhas da Psicologia Ambiental},
  author={Morais, T. N. and Siebra, L. M. G. and Araújo, D. S. R. and Barbosa, J. M. and Abreu, F. W. S.},
  journal={Revista Extensão em Ação},
  volume={1},
  pages={51-58},
  year={2011},
  doi={10.32356/exta.v1.n1.3880},
  url={https://doi.org/10.32356/exta.v1.n1.3880}
}

@article{moser1998psicologia,
  title={Psicologia Ambiental},
  author={Moser, G.},
  journal={Estudos de Psicologia (Natal)},
  volume={3},
  number={1},
  pages={121-130},
  year={1998},
  doi={10.1590/S1413-294X1998000100008},
  url={https://doi.org/10.1590/S1413-294X1998000100008}
}

@mastersthesis{pacheco2018afetividade,
  title={Afetividade e implicações psicossociais vividas por moradores de uma comunidade ameaçada de desapropriação},
  author={Pacheco, F. P.},
  year={2018},
  school={Universidade Federal do Ceará},
  address={Fortaleza},
  type={Dissertação de mestrado não publicada}
}

@article{pacheco2021revisao,
  title={Revisão Sistemática das Produções do Laboratório de Pesquisa em Psicologia Ambiental},
  author={Pacheco, Fábio Pinheiro and de Sousa, Luiza Eridan Elmiro Martins and Bomfim, Zulmira Áurea Cruz},
  journal={Revista FSA},
  volume={18},
  number={3},
  year={2021},
  doi={10.12819/2021.18.03.12},
  url={http://dx.doi.org/10.12819/2021.18.03.12}
}

@article{pacheco2020contribuicoes,
  title={Contribuições da psicologia para a análise de desapropriações de comunidades dos espaços urbano e rural cearenses},
  author={Pacheco, F. P. and Martins, C. M. S. S. and Bomfim, Z. A. C.},
  journal={Revista de Psicologia},
  volume={11},
  number={2},
  pages={178-188},
  year={2020},
  doi={10.36517/revpsiufc.11.2.2020.14},
  url={https://doi.org/10.36517/10.36517/revpsiufc.11.2.2020.14}
}

@phdthesis{parente2020patrimonio,
  title={Patrimônio afetivo e cultural no sítio histórico de Sobral-CE},
  author={Parente, J. R. F.},
  year={2020},
  school={Universidade Federal do Ceará},
  address={Fortaleza},
  type={Tese de doutorado não publicada}
}

@book{santos2009epistemologias,
  title={Epistemologias do sul},
  author={Santos, B. S. and Meneses, M. P.},
  year={2009},
  publisher={Edições Almedina},
  address={Coimbra}
}

@article{sawaia2009psicologia,
  title={Psicologia e desigualdade social: Uma reflexão sobre liberdade e transformação social},
  author={Sawaia, B. B.},
  journal={Psicologia & Sociedade},
  volume={21},
  number={3},
  pages={364-372},
  year={2009},
  doi={10.1590/S0102-71822009000300010},
  url={https://doi.org/10.1590/S0102-71822009000300010}
}


@incollection{sawaia2011sofrimento,
  title={O sofrimento ético-político como categoria de análise da dialética exclusão/inclusão},
  author={Sawaia, B. B.},
  booktitle={As artimanhas da exclusão: Uma análise ético-psicossocial da desigualdade},
  editor={Sawaia, B. B.},
  pages={97-119},
  year={2011},
  publisher={Vozes},
  address={Petrópolis}
}

@mastersthesis{tavares2014comunicacao,
  title={A comunicação oral dos alunos de língua japonesa da UECE},
  author={Tavares, L. R.},
  year={2014},
  school={Universidade Estadual do Ceará},
  address={Ceará},
  type={Dissertação de mestrado não publicada}
}

@book{vygotsky1996teoria,
  title={Teoria e método em psicologia},
  author={Vygotsky, L.},
  year={1996},
  publisher={Martins Fontes},
  address={São Paulo}
}



