@incollection{alvarez2015cartografar,
  title={Cartografar é habitar um território existencial},
  author={Alvarez, Johnny and Passos, Eduardo},
  booktitle={Pistas do método da cartografia: pesquisa-intervenção e produção de subjetividade},
  editor={Passos, Eduardo and Kastrup, Virgínia and Escóssia, Liana da},
  pages={134-147},
  year={2015},
  publisher={Sulina},
  address={Porto Alegre}
}

@misc{anuario2021seguranca,
  title={Anuário Brasileiro de Segurança Pública 2021},
  author={Fórum Brasileiro de Segurança Pública},
  year={2021},
  howpublished={\url{https://www.forumseguranca.org.br/anuario-brasileiro-seguranca-publica-2021/}},
  note={Acesso em: 11-01-2024},
  issn={1983-7364}
}

@article{barros2019violencias,
  title={Violências no Brasil: Que problemas e desafios se colocam à Psicologia?},
  author={Barros, J. P. P. and Benicio, L. F. de S. and Bicalho, P. P. G. de},
  journal={Psicologia: Ciência e Profissão},
  volume={39},
  number={spe2},
  pages={e225580},
  year={2019},
  doi={10.1590/1982-3703003225580},
  url={https://doi.org/10.1590/1982-3703003225580}
}

@misc{cerqueira2017atlas,
  title={Atlas da Violência 2017},
  author={Cerqueira, Daniel and de Lima, Renato Sergio and Bueno, Samira and Valencia, Luis Iván and Hanashiro, Olaya and Machado, Pedro Henrique G. and Lima, Adriana dos Santos},
  howpublished={Instituto de Pesquisa Econômica Aplicada (Ipea) e Fórum Brasileiro de Segurança Pública (FBSP)},
  year={2017},
  month={06},
  note={Acessado em 11-01-2024},
  url={https://www.ipea.gov.br/atlasviolencia/},
  address={Rio de Janeiro}
}

@misc{CoronavirusBrasil2024,
  author = "Ministério da Saúde",
  title = "Coronavírus Brasil",
  year = "2021",
  url = "https://covid.saude.gov.br/",
}

@book{brasileiro2022quando,
  title={Quando o sol aqui não mais brilhar: A falência da negritude},
  author={Brasileiro, Castiel Vitorino},
  year={2022},
  publisher={N-1 edições},
  address={São Paulo}
}

@misc{ccpha2016cadavida,
  title={Cada vida importa: Relatório final do Comitê Cearense pela Prevenção de Homicídios na Adolescência},
  author={Comitê Cearense pela Prevenção de Homicídios na Adolescência},
  year={2016},
  howpublished={Assembleia Legislativa do Estado do Ceará},
  note={Acessado em: 11-01-2024},
  url={https://cadavidaimporta.com.br/wp-content/uploads/2023/05/cada-vida-importa-relatorio-final.pdf},
  address={Fortaleza}
}

@misc{ccpha2019cada,
  title={Cada vida importa: Relatório julho-dezembro 2019},
  author={Comitê Cearense pela Prevenção de Homicídios na Adolescência},
  year={2019},
  howpublished={Assembleia Legislativa do Estado do Ceará},
  note={Acessado em 11-01-2024},
  url={https://drive.google.com/file/d/1IpNk7vEdbeLIGXpq5_CRBcv0-izpgHur/view?usp=sharing}
}

@article{coimbra2005serjovem,
  title={Ser jovem, ser pobre é ser perigoso},
  author={Coimbra, C. M. and Nascimento, M. D.},
  journal={Jovenes, Revista de Estudios sobre juventud},
  volume={9},
  number={22},
  pages={338-355},
  year={2005},
  url={https://app.uff.br/slab/uploads/texto231.pdf}
}

@incollection{coimbra2008demanda,
  title={Demanda social e crise dos ideais: Que lugar para o Judiciário?},
  author={Coimbra, Cecilia and Ayres, Lygia S. M. and Nascimento, Maria Lívia do},
  booktitle={PIVETES. Encontros entre a psicologia e o judiciário},
  editor={Coimbra, Cecilia and Ayres, Lygia S. M. and Nascimento, Maria Lívia do},
  edition={1},
  publisher={Juruá},
  address={Curitiba},
  year={2008}
}

@book{deleuze1995mil,
  title={Mil Platôs: Capitalismo e esquizofrenia},
  author={Deleuze, Gilles and Guattari, Félix},
  year={1995},
  publisher={Editora 34},
  address={Rio de Janeiro},
  pages={715}
}

@book{epalanga2018tambem,
  title={Também os brancos sabem dançar},
  author={Epalanga, Kalaf},
  year={2018},
  publisher={Todavia},
  address={São Paulo}
}

@book{foucault1999historia,
  title={História da sexualidade: A vontade de saber},
  author={Foucault, Michel},
  year={1999},
  publisher={Graal},
  address={Rio de Janeiro}
}

@book{hooks2019olhares,
  title={Olhares negros: Raça e representação},
  author={hooks, bell},
  year={2019},
  publisher={Elefante},
  address={São Paulo}
}

@book{hooks2017ensinando,
  title={Ensinando a transgredir: A educação como prática da liberdade},
  author={hooks, bell},
  year={2017},
  publisher={WMF Martins Fontes},
  address={São Paulo}
}

@incollection{passos2015politica,
  title={Por uma política da narratividade},
  author={Passos, Eduardo and Barros, Regina Benevides},
  booktitle={Pistas do método da cartografia: Pesquisa-intervenção e produção de subjetividade},
  editor={Passos, Eduardo and Kastrup, Virgínia and Escóssia, Liana da},
  pages={151-156},
  year={2015},
  publisher={Sulina},
  address={Porto Alegre}
}

@article{kohan2021quantos,
  title={Quantos anos tem Paulo Freire?},
  author={Kohan, W.},
  journal={Educação: Teoria e Prática},
  volume={31},
  number={64},
  pages={e29[2021]},
  year={2021},
  doi={10.18675/1981-8106.v31.n.64.s16172},
  url={https://doi.org/10.18675/1981-8106.v31.n.64.s16172}
}

@book{mbembe2018necropolitica,
  title={Necropolítica},
  author={Mbembe, Achille},
  year={2018},
  publisher={N-1 edições},
  address={São Paulo},
  pages={80},
  isbn={9788566943504}
}

@book{mbembe2020politicas,
  title={Políticas da inimizade},
  author={Mbembe, Achille},
  year={2020},
  publisher={N-1 edições},
  address={São Paulo}
}

@book{nascimento2002pivetes,
  title={PIVETES: A produção de infâncias desiguais},
  author={Nascimento, Maria Lívia},
  year={2002},
  publisher={Intertexto; Oficina do Autor},
  address={Niterói; Rio de Janeiro},
}

@book{preciado2020apartamento,
  title={Um apartamento em Urano: Crônicas da travessia},
  author={Preciado, Paul B.},
  year={2020},
  publisher={Zahar},
  address={Rio de Janeiro}
}

@book{ranciere2009partilha,
  title={A partilha do sensível: Estética e política},
  author={Rancière, J.},
  year={2009},
  publisher={Editora 34},
  address={São Paulo}
}

@book{rolnik2019esferas,
  title={Esferas da insurreição: Notas para uma vida não cafetinada},
  author={Rolnik, Suely},
  year={2019},
  publisher={N-1 edições},
  address={São Paulo}
}

@article{rolnik2009furor,
  title={Furor de arquivo},
  author={Rolnik, S.},
  journal={Arte & Ensaios},
  volume={19},
  number={19},
  pages={96-105},
  year={2009},
  url={https://revistas.ufrj.br/index.php/ae/article/download/50817/27563}
}


@misc{Mirada2019,
  author = "Leo Silva",
  title = "Futebol de rua, cano, bola de encher e carimba",
  year = "2019",
  url = "https://www.miradajanela.com/2019/08/futebol-de-rua-cano-bola-de-encher-e.html",
  note = "(Acessado em: data de acesso)"
}

@book{scheinvar2009feitico,
  title={O feitiço da política pública: Escola, sociedade civil e direitos da criança e do adolescente},
  author={Scheinvar, Estela},
  year={2009},
  publisher={Lamparina},
  address={Rio de Janeiro}
}

@book{scheinvar2009feitico,
  title={O feitiço da política pública: Escola, sociedade civil e direitos da criança e do adolescente},
  author={Scheinvar, Estela},
  year={2009},
  publisher={Lamparina},
  address={Rio de Janeiro}
}

