@book{adichie2019perigo,
  author = {Adichie, Chimamanda Ngozi},
  title = {O perigo de uma história única},
  publisher = {Companhia das Letras},
  year = {2019},
  address = {São Paulo},
}

@book{berth2019empoderamento,
  author = {Berth, Joana},
  title = {Empoderamento},
  publisher = {Pólen},
  year = {2019},
  address = {São Paulo},
}

@book{berth2018empoderamento,
  author = {Berth, Joana},
  title = {O que é empoderamento?},
  publisher = {Letramento},
  year = {2018},
  address = {Belo Horizonte (MG)},
}


@incollection{cardoso2013vida,
  author = {Cardoso, Rafael},
  title = {A vida e a fala das formas: Significação como processo dinâmico},
  booktitle = {Design para um mundo complexo},
  publisher = {Cosac Naify},
  year = {2013},
  pages = {51-84},
  address = {São Paulo},
  isbn = {978-85-405-0381-6},
}

@book{conselhoregionaldepsicologia2016psicologia,
  author = {Conselho Regional de Psicologia de São Paulo - 6ª Região},
  title = {Psicologia e Políticas Públicas: Seminários Gestão 2013-2016},
  publisher = {CRP/SP},
  year = {2016},
  address = {São Paulo},
  pages = {385},
}

@book{duartejunior1995fundamentos,
  author = {Duarte Junior, José Fernandes},
  title = {Fundamentos estéticos da educação},
  publisher = {Papirus},
  year = {1995},
  address = {Campinas},
}

@book{duartejunior2000sentido,
  author = {Duarte Junior, José Fernandes},
  title = {O sentido dos sentidos: A educação (do) sensível},
  publisher = {Papirus},
  year = {2000},
}

@article{ferreira2010ciencia,
  author = {Ferreira, Fernanda Ribeiro},
  title = {Ciência e arte: Investigações sobre identidades, diferenças e diálogos},
  journal = {Educação e Pesquisa},
  volume = {36},
  number = {1},
  pages = {261-280},
  year = {2010},
  address = {São Paulo},
}

@book{freire1986medo,
  author = {Freire, Paulo and Shor, Ira},
  title = {Medo e ousadia: O cotidiano do professor},
  publisher = {Paz e Terra},
  year = {1986},
  address = {Rio de Janeiro},
}

@book{freire2019pedagogia,
  author = {Freire, Paulo},
  title = {Pedagogia da autonomia: Saberes necessários à prática educativa},
  publisher = {Paz e Terra},
  year = {2019},
  address = {São Paulo},
}

@article{gomes2015convite,
  author = {Gomes, Rita Helena Sousa Ferreira},
  title = {Convite à perversão},
  journal = {OPUS},
  volume = {21},
  number = {1},
  pages = {101-118},
  year = {2015},
  address = {São Paulo},
  issn = {1517-7017},
  url = {https://www.anppom.com.br/opus/article/view/55},
  note = {Acesso em: 21 jun. 2021},
}

@incollection{gomes2015sensível,
  author = {Gomes, Rita Helena Sousa Ferreira},
  title = {Sensível, eu?! Reflexões sobre o (não) lugar da sensibilidade na educação},
  booktitle = {Educação Musical: Reflexões, experiências e inovações},
  editor = {Albuquerque, Luiz Botelho and Rogério, Pedro and Nascimento, Marco Antonio Toledo},
  publisher = {Edições UFC},
  year = {2015},
  address = {Fortaleza},
}

@book{hooks2013ensinando,
  author = {Hooks, bell},
  title = {Ensinando a transgredir: A educação como prática da liberdade},
  publisher = {WMF Martins Fontes},
  year = {2013},
  address = {São Paulo},
  pages = {283},
}

@book{hooks2019berguendo,
  author = {Hooks, bell},
  title = {Erguer a voz: Pensar como feminista, pensar como negra},
  publisher = {Elefante},
  year = {2019},
  address = {São Paulo},
}

@misc{ethnologue2016,
  author = {Ethnologue},
  title = {How many languages are there in the world?},
  year = {2016},
  address = {[S. l.]},
  url = {https://www.ethnologue.com/guides/how-many-languages},
  note = {Acesso em: 21 jun. 2021},
}

@incollection{matthews2015beyond,
  author = {Matthews, R.},
  title = {Beyond toleration: Facing the Other},
  booktitle = {The Oxford handbook of social justice in music education},
  editor = {Benedict, Cathy and Schmidt, Patrick and Spruce, Gary and Woodford, Paul},
  publisher = {Oxford University Press},
  year = {2015},
  pages = {238-249},
  address = {New York},
}

@incollection{oneill2015youth,
  author = {O’Neill, Susan A.},
  title = {Youth Empowerment, and transformative music engagement},
  booktitle = {The Oxford handbook of social justice in music education},
  editor = {Benedict, Cathy and Schmidt, Patrick and Spruce, Gary and Woodford, Paul},
  publisher = {Oxford University Press},
  year = {2015},
  pages = {388-405},
  address = {New York},
}

@incollection{preciado202012,
  author = {Preciado, Paul B.},
  title = {Os 12%},
  booktitle = {Apartamento em Urano},
  publisher = {Zahar},
  year = {2020},
  pages = {129-131},
  address = {Rio de Janeiro},
  isbn = {978-85-378-1883-1},
}


@incollection{preciado2020amnesia,
  author = {Preciado, Paul B.},
  title = {A amnésia do feminismo},
  booktitle = {Apartamento em Urano},
  publisher = {Zahar},
  year = {2020},
  pages = {129-131},
  address = {Rio de Janeiro},
  isbn = {978-85-378-1883-1},
}

@incollection{silva2000producao,
  author = {Silva, Tomaz Tadeu da},
  title = {A produção social da identidade e da diferença},
  booktitle = {Identidade e diferença: A perspectiva dos estudos culturais},
  editor = {Silva, Tomaz Tadeu da and Hall, Stuart and Woodward, Kathryn},
  publisher = {Vozes},
  year = {2000},
  address = {Petrópolis, RJ},
}

@incollection{teixeira2009formulacao,
  author = {Teixeira, João Bosco},
  title = {Formulação, administração e execução de políticas públicas},
  booktitle = {Serviço social: direitos sociais e competências profissionais},
  editor = {Conselho Federal de Serviço Social - CFESS},
  publisher = {CFESS: ABEPSS},
  year = {2009},
  pages = {553-574},
  address = {Brasília, DF},
  url = {http://livroaberto.ufpa.br/jspui/handle/prefix/523},
  note = {Acesso em: 21 jun. 2021},
}

@book{hooks2020mulheres,
  author = {Hooks, bell},
  title = {E eu não sou uma mulher?: mulheres negras e feminismo},
  translator = {Libânio Bhuvi},
  publisher = {Rosa dos Tempos},
  year = {2020},
  address = {Rio de Janeiro},
}


