@article{almeida2016educacao,
  title={Educação permanente em saúde: Uma estratégia para refletir sobre o processo de trabalho},
  author={Almeida, J. R. de S. and Bizerril, D. O. and Saldanha, K. G. de H. and Almeida, M. E. L. de},
  journal={Revista da ABENO},
  volume={16},
  number={2},
  pages={7-15},
  year={2016},
  url={http://revodonto.bvsalud.org/scielo.php?script=sci_arttext&pid=S1679-59542016000200003},
  note={Recuperado em 06 de fevereiro de 2023}
}

@misc{brasil2004a,
  author={Brasil},
  title={Portaria nº. 198, de fevereiro de 2004},
  howpublished={Institui a Política Nacional de Educação Permanente em Saúde como estratégia do Sistema Único de Saúde para a formação e desenvolvimento dos trabalhadores para o setor e dá outras providências},
  year={2004},
  note={Diário Oficial da União. Brasília}
}

@book{brasil2004b,
  author={Brasil},
  title={Política de educação e desenvolvimento para o SUS: caminhos para a educação permanente em saúde – pólos de educação permanente em saúde},
  year={2004},
  publisher={Ministério da Saúde},
  address={Brasília}
}

@book{brasil2014,
  author={Ministério da Saúde and Conselho Nacional do Ministério Público},
  title={Atenção psicossocial a crianças e adolescentes no SUS: Tecendo redes para garantir direitos},
  year={2014},
  publisher={Ministério da Saúde},
  address={Brasília},
  note={60 p. : il. ISBN 978-85-334-2162-2},
  url={https://bvsms.saude.gov.br/bvs/publicacoes/atencao_psicossocial_criancas_adolescentes_sus.pdf},
  email={saudemental@saude.gov.br}
}

@book{brasil2018politica,
  title={Política Nacional de Educação Permanente em Saúde: o que se tem produzido para o seu fortalecimento?},
  author={{Ministério da Saúde. Secretaria de Gestão do Trabalho e da Educação na Saúde. Departamento de Gestão da Educação na Saúde}},
  year={2018},
  publisher={Ministério da Saúde},
  address={Brasília},
  isbn={978-85-334-2649-8},
  note={CDU 377:614}
}


@book{merhy2002saude,
  title={Saúde: A cartografia do trabalho vivo},
  author={Merhy, E. E.},
  year={2002},
  publisher={Hucitec},
  address={São Paulo}
}

@article{miccas2014educacao,
  title={Educação permanente em saúde: Metassíntese},
  author={Miccas, F. L. and Batista, S. H. S. S.},
  journal={Revista de Saúde Pública},
  volume={48},
  number={1},
  pages={170-185},
  year={2014},
  doi={10.1590/S0034-8910.2014048004498},
  url={https://doi.org/10.1590/S0034-8910.2014048004498},
  note={Recuperado em 12 de outubro de 2022}
}

@article{scafuto2017formacao,
  title={Formação e educação permanente na saúde mental na perspectiva da desinstitucionalização},
  author={Scafuto, J. C. B. and Saraceno, B. and Delgado, P. G. G.},
  journal={Revista Comunicação em Ciência da Saúde},
  volume={28},
  number={3/4},
  pages={350-358},
  year={2017},
  doi={10.51723/ccs.v28i03/04.277},
  url={https://doi.org/10.51723/ccs.v28i03/04.277},
  note={Recuperado em 12 de outubro de 2022}
}

@inproceedings{silva2010processo,
  title={O processo de trabalho como forma de avaliação da educação permanente em saúde},
  author={Silva, L. A. A.},
  booktitle={Anais do Congresso Internacional de Avaliação em Educação},
  volume={2},
  pages={42-43},
  year={2010},
  address={Portugal, Braga}
}

