@book{freire1996pedagogia,
  title={Pedagogia da autonomia: Saberes necessários à prática educativa},
  author={Freire, Paulo},
  year={1996},
  publisher={Paz e Terra},
  address={São Paulo}
}

@book{freire2011pedagogia,
  title={Pedagogia do Oprimido},
  author={Freire, Paulo},
  year={2011},
  publisher={Paz e Terra},
  address={Rio de Janeiro}
}

@incollection{gomes2022atuacao,
  title={A atuação da psicologia junto a juventudes em territorialidades urbanas},
  author={Gomes, C. J. A. and Lavor Filho, T. L. and Cavalcante, L. F. and Gonçalves, L. T. L. and Siqueira, H. A. P. and Barros, J. P. P. and Miranda, L. L.},
  booktitle={Debates contemporâneos em psicologia: Volume II},
  editor={Lavor Filho, T. L. and Ribeiro, I. B. and Pacheco, M. E. A. G. and Teixeira, M. F. and Silva, L. M.},
  pages={7-16},
  edition={1},
  publisher={Quipá Editora},
  address={Iguatu},
  year={2022}
}


@article{marco_andrade_santo_2008,
  title={Documentário: Um outro campo experimental no estudo dos processos de subjetivação},
  author={Marco, G. and Andrade, A. L. O. and Santo, C. S. E.},
  journal={Estudos de Psicologia},
  volume={13},
  number={3},
  pages={275-284},
  year={2008},
  doi={10.1590/S1413-294X2008000300010},
  url={https://doi.org/10.1590/S1413-294X2008000300010}
}

@book{mbembe2017politicas,
  title={Políticas de inimizade},
  author={Mbembe, Achille},
  year={2017},
  publisher={Antígona},
  address={Lisboa}
}

@incollection{miranda_et_al_2022,
  title={Contextos desiguais na escolarização em tempos de pandemia},
  author={Miranda, L. L. and Lavor Filho, T. L. and Souza Filho, J. A. and Gonçalves, L. T. L. and Soares, M. R. N. and Mourão, L. C. C. B. and Silva, P. F. J. and Pereira, L. C. H.},
  booktitle={Psicologia e pandemia de Covid-19 no Brasil: Diálogos sobre educação, saúde, ciência e sociedade},
  editor={Barros, J. P. P. and Pinheiro, F. P. H. A. and Marques, N. S. and Vieira, C. A. L. and Lima, A. F.},
  publisher={Edições UVA},
  address={Sobral, CE},
  year={2022}
}


@article{reis_pinho_2016,
  title={Gêneros não-binários: Identidades, expressões e educação},
  author={Reis, N. and Pinho, R.},
  journal={Reflexão e Ação},
  volume={24},
  number={1},
  pages={7-25},
  year={2016},
  doi={10.17058/rea.v24i1.7045},
  url={https://doi.org/10.17058/rea.v24i1.7045}
}

@article{sousa_nunes_barros_2020,
  title={Interseccionalidade, femi-geno-cídio e necropolítica: Morte de mulheres nas dinâmicas da violência no Ceará},
  author={Sousa, I. S. and Nunes, L. F. and Barros, J. P. P.},
  journal={Psicologia Política},
  volume={20},
  number={48},
  pages={370-384},
  year={2020},
  url={http://pepsic.bvsalud.org/scielo.php?script=sci_abstract&pid=S1519-549X2020000200009}
}

