@article{altmann2007sexualidade,
  title={A sexualidade adolescente como foco de investimento político-social},
  author={Altmann, Helena},
  journal={Educação em Revista},
  address={Belo Horizonte},
  number={46},
  pages={287-310},
  year={2007},
  doi={10.1590/S0102-46982007000200012}
}

@book{badinter1980amor,
  title={Um amor conquistado: O mito do amor materno},
  author={Badinter, Elisabeth},
  publisher={Nova Fronteira},
  address={Rio de Janeiro},
  year={1980},
  note={Original work published 1985}
}

@techreport{bastos2016consideracoes,
  title={Considerações sobre Classificação de Produção Técnica},
  author={Bastos, Antonio Virgílio Bittencourt and Tomanari, Gerson Yukio and Trindade, Zeidi Araújo},
  year={2016},
  institution={Coordenação de Aperfeiçoamento de Pessoal de Nível Superior (CAPES)},
  address={Brasília},
  email={37psic@capes.gov.br},
  url={https://www.gov.br/capes/pt-br/centrais-de-conteudo/37_PSIC_class_prod_tecn_jan2017.pdf}
}
