@article{Awad2012,
  author = {Awad, A. G. and Voruganti, L. N. P.},
  title = {Measuring quality of life in patients with schizophrenia: An update},
  journal = {PharmacoEconomics},
  year = {2012},
  volume = {30},
  number = {3},
  pages = {183--195},
  doi = {10.2165/11594470-000000000-00000},
}

@article{Azad2016,
  author = {Azad, M. C. and Shoesmith, W. D. and Al Mamun, M. and Abdullah, A. F. and Naing, D. K. S. and Phanindranath, M. and Turin, T. C.},
  title = {Cardiovascular diseases among patients with schizophrenia},
  journal = {Asian Journal of Psychiatry},
  year = {2016},
  volume = {19},
  pages = {28--36},
  doi = {10.1016/j.ajp.2015.11.012},
}

@article{Bai2021,
  author = {Bai, W. and Liu, Z. H. and Jiang, Y. Y. and Zhang, Q. E. and Rao, W. W. and Cheung, T. and Hall, B. J. and Xiang, Y. T.},
  title = {Worldwide prevalence of suicidal ideation and suicide plan among people with schizophrenia: A meta-analysis and systematic review of epidemiological surveys},
  journal = {Translational Psychiatry},
  year = {2021},
  volume = {11},
  number = {1},
  pages = {552},
  doi = {10.1038/s41398-021-01671-6},
}

@book{Bardin2016,
  author = {Bardin, L.},
  title = {Análise de Conteúdo},
  publisher = {Edições 70},
  year = {2016},
}

@book{Barlow2021,
  author = {Barlow, D. H. and Durand, V. M.},
  title = {Psicopatologia: Uma abordagem integrada},
  publisher = {Cengage Learning},
  year = {2021},
}

@misc{Brasil2024,
  author = {Brasil},
  title = {Centros de Atenção Psicossocial---CAPS},
  howpublished = {\url{https://www.gov.br/saude/pt-br/composicao/saes/desmad/raps/caps/caps}},
  year = {2024},
  note = {Ministério da Saúde},
}

@article{Cardoso2003,
  author = {Cardoso, C. S. and Caiaffa, W. T. and Bandeira, M. and Siqueira, A. L. and Fonseca, I. K. and Fonseca, J. O. P.},
  title = {Qualidades psicométricas da escala de qualidade de vida para pacientes com esquizofrenia: Escala QLS-BR},
  journal = {Jornal Brasileiro de Psiquiatria},
  year = {2003},
  volume = {52},
  pages = {211--222},
}

@article{Cardoso2007,
  author = {Cardoso, C. S. and Caiaffa, W. T. and Bandeira, M. and Siqueira, A. L. and da Silva, J. T. and Fonseca, J. O. P.},
  title = {Depressão na esquizofrenia: Prevalência e relação com a qualidade de vida},
  journal = {Cadernos de Saúde Pública},
  year = {2007},
  volume = {23},
  pages = {2035--2048},
  doi = {10.1590/S0102-311X2007000900012},
}

@book{Dalgallarrondo2019,
  author = {Dalgallarrondo, P.},
  title = {Psicopatologia e semiologia dos transtornos mentais},
  publisher = {Artmed},
  year = {2019},
}

@article{Dong2019,
  author = {Dong, M. and Lu, L. and Zhang, L. and Zhang, Y.-S. and Ng, C. H. and Ungvari, G. S. and Li, G. and Meng, X. and Wang, G. and Xiang, Y.-T.},
  title = {Quality of life in schizophrenia: A meta-analysis of comparative studies},
  journal = {The Psychiatric Quarterly},
  year = {2019},
  volume = {90},
  number = {3},
  pages = {519--532},
  doi = {10.1007/s11126-019-09633-4},
}

@article{Fleck2000,
  author = {Fleck, M. P. and Louzada, S. and Xavier, M. and Chachamovich, E. and Vieira, G. and Santos, L. and Pinzon, V.},
  title = {Aplicação da versão em português do instrumento abreviado de avaliação da qualidade de vida ``WHOQOL-bref''},
  journal = {Revista de Saúde Pública},
  year = {2000},
  volume = {34},
  number = {2},
  pages = {178--183},
  doi = {10.1590/S0034-89102000000200012},
}

@misc{IHME2024,
  author = {{Institute for Health Metrics and Evaluation}},
  title = {Schizophrenia---Level 3},
  howpublished = {\url{https://www.healthdata.org/research-analysis/diseases-injuries-risks/factsheets/2021-schizophrenia-level-3-disease}},
  year = {2024},
}

@article{Morrens2007,
  author = {Morrens, M. and Hulstijn, W. and Sabbe, B.},
  title = {Psychomotor slowing in schizophrenia},
  journal = {Schizophrenia Bulletin},
  year = {2007},
  volume = {33},
  number = {4},
  pages = {1038--1053},
  month = {July},
  doi = {10.1093/schbul/sbl051},
}


@article{Ribeiro2004,
  author = {Ribeiro, S. L.},
  title = {A criação do Centro de Atenção Psicossocial Espaço Vivo},
  journal = {Psicologia: Ciência e Profissão},
  year = {2004},
  volume = {24},
  pages = {92--99},
  doi = {10.1590/S1414-98932004000300012},
}



@mastersthesis{Silva2023,
  author = {Artur Gevázio Lira da Silva},
  title = {Avaliação e intervenção na qualidade de vida dos pacientes com espectro da esquizofrenia},
  year = {2023},
  degree = {Mestrado},
  city = {Sobral},
  type = {Dissertação de metrado, Universidade Federal do Ceará},
  url = {http://repositorio.ufc.br/handle/riufc/76545},
  howpublished = {Repositório Institucional da UFC}
}

@article{WHOQOL1995,
  author = {{The WHOQOL Group}},
  title = {The World Health Organization Quality of Life assessment (WHOQOL): Position paper from the World Health Organization},
  journal = {Social Science \& Medicine},
  year = {1995},
  volume = {41},
  number = {10},
  pages = {1403--1409},
  doi = {10.1016/0277-9536(95)00112-k},
}

@book{Thiollent1986,
  author = {Thiollent, M.},
  title = {Metodologia da pesquisa-ação},
  publisher = {Cortez},
  year = {1986},
}

@incollection{Valenca2021,
  author = {Valença, A. E. and Nardi, A. E.},
  title = {Histórico do conceito de esquizofrenia},
  booktitle = {Esquizofrenia: Teoria e clínica},
  editor = {Gadelha, A. and Nardi, A. E. and Silva, A. G.},
  publisher = {Artmed},
  year = {2021},
}

@article{Vergunst2017,
  author = {Vergunst, F. and Rugkåsa, J. and Koshiaris, C. and Simon, J. and Burns, T.},
  title = {Community treatment orders and social outcomes for patients with psychosis: A 48-month follow-up study},
  journal = {Social Psychiatry and Psychiatric Epidemiology},
  year = {2017},
  volume = {52},
  number = {11},
  pages = {1375--1384},
  doi = {10.1007/s00127-017-1442-5},
}

@book{WHO2022,
  author = {{World Health Organization}},
  title = {International statistical classification of diseases and related health problems},
  edition = {11th},
  year = {2022},
  url = {https://icd.who.int/browse11/},
}
