@techreport{Brasil2007,
  author       = {{Ministério da Educação}},
  title        = {{REUNI}: Reestruturação e Expansão das Universidades Federais. Diretrizes Gerais},
  institution  = {Ministério da Educação (MEC)},
  address      = {Brasília},
  year         = {2007},
  url          = {http://portal.mec.gov.br/sesu/arquivos/pdf/diretrizesreuni.pdf},
}

@techreport{Brasil2018,
  author       = {{Ministério da Educação}},
  title        = {{REUNI}: Reestruturação e Expansão das Universidades Federais},
  institution  = {Ministério da Educação (MEC)},
  address      = {Brasília},
  year         = {2018},
  url          = {http://reuni.mec.gov.br/},
}

@article{DiasKlen2021,
  author  = {Dias, L. S. and Klen, E. R.},
  title   = {Acolhimento aos ingressantes na {Universidade Federal de Santa Catarina} -- Campus {Florianópolis}: Percepção dos estudantes},
  journal = {Educação (UFSM)},
  volume  = {46},
  number  = {1},
  pages   = {1--19},
  year    = {2021},
  doi     = {10.5902/1984644447406},
}

@article{GouveiaEtAl1994,
  author  = {Gouveia, V. V. and Albuquerque, F. J. B. de and Solha, A. C.},
  title   = {Expectativas da comunidade frente à universidade},
  journal = {Revista de Psicologia},
  volume  = {11/12},
  number  = {1/2},
  year    = {1994},
  url     = {https://repositorio.ufc.br/handle/riufc/10992},
}

@incollection{GuimaraesEtAl2022,
  author    = {Guimarães, E. N. and Macedo, F. C. de and Monteiro Neto, A. and Vieira, D. J.},
  title     = {A interiorização do ensino superior e a mobilidade estudantil reversa nos pequenos municípios},
  booktitle = {Universidade e território: Ensino superior e desenvolvimento regional no Brasil do Século XXI},
  editor    = {Macedo, F. C. de and Monteiro Neto, A. and Vieira, D. J.},
  pages     = {392--426},
  publisher = {Instituto de Pesquisa Econômica Aplicada -- IPEA},
  year      = {2022},
}

@article{MariJorge1997,
  author  = {Mari, J. de J. and Jorge, M. R.},
  title   = {Transtornos psiquiátricos na clínica geral},
  journal = {Psychiatry On-line Brazil},
  volume  = {2},
  number  = {5},
  year    = {1997},
  url     = {http://www.polbr.med.br/ano97/tpqcm.php},
}

@techreport{Reis2023,
  author       = {Reis, M. C.},
  title        = {Trabalhadores com ensino superior: Área de formação, ocupação e diferencial de rendimentos em relação aos trabalhadores com ensino médio},
  institution  = {Instituto de Pesquisa Econômica Aplicada -- IPEA},
  address      = {Brasília},
  year         = {2023},
  url          = {https://www.ipea.gov.br/portal/publicacao-item?id=5a3ce164-9f74-4e5f-90b0-c845ea97b9c2},
}

@incollection{TeramatsuStraforini2022,
  author    = {Teramatsu, G. and Straforini, R.},
  title     = {Do {ENEM} ao {SISU}: Cartografia da interiorização do acesso à educação superior no Brasil},
  booktitle = {Universidade e território: Ensino superior e desenvolvimento regional no Brasil do Século XXI},
  editor    = {Macedo, F. C. de and Monteiro Neto, A. and Vieira, D. J.},
  pages     = {123--149},
  publisher = {Instituto de Pesquisa Econômica Aplicada -- IPEA},
  year      = {2022},
}
